2520 4576
126 254 157 309 .·
195 226 235 287 -’
335 247 448 325 aare
480 217 999 359 raraer'cassavaonrs
1098 258 1174 343 '421

73 519 77 524 .
128 433 258 504 dmulac
279 425 402 526 Regem
426 435 535 515 videt,
568 427 788 527 benignidimo
810 436 879 511 eius
889 438 990 506 vultu
1011 417 1044 504 et
1062 433 1172 511 verbie

128 533 243 609 effecto
258 538 360 636 plenis
374 543 510 607 laetatur
523 537 673 626 impense.
718 537 772 609 lta
785 537 870 609 eninr
885 558 961 630 cum
977 536 1168 621 alloquitur.

126 637 223 725 „Post
238 625 368 730 longam
379 641 650 727 exspectationem
664 617 868 709 libentiffrmo
882 626 998 723 animo
1007 649 1040 706 te
1055 634 1167 715 video,

92 751 190 825 .„‚et
213 751 316 825 opto,
349 753 387 809 vt
401 738 482 810 felix
507 753 582 810 tuus
601 742 645 809 in
657 762 766 809 meum
784 760 924 829 regnum
945 740 981 806 fit
1000 724 1169 807 aduentus.

91 907 94 911 .
124 841 262 930 „Atque
276 842 400 912 vtinam
415 842 450 913 id
464 842 579 928 assequi
599 843 738 930 possem,
755 854 801 908 vt
821 839 940 928 patriae
964 832 1167 907 obliuionem

125 940 189 1028 „in
206 945 350 1012 animum
364 956 458 1013 tuum
472 940 705 1040 inducerem„
744 945 873 1012 Multa
897 934 1012 1010 deinde
1032 940 1072 1007 de
1095 940 1166 1006 lite

124 1062 236 1111 aarum
249 1043 376 1126 studiis,
402 1047 506 1131 deque
523 1046 619 1114 variis
635 1044 820 1123 autoribus,
846 1044 1039 1141 praelbrtim
1036 1043 1084 1108 de
1099 1041 1163 1108 Ta·

114 1145 211 1222 cito,
235 1146 436 1227 Plutarcho,
445 1143 625 1219 Cominae'o
644 1145 851 1222 disseruntur,
878 1164 969 1230 quor
984 1164 1097 1211 omnes
1119 1134 1197 1210 ita

124 1244 280 1315 diiudicat
300 1250 407 1327 Rex,
419 1260 457 1317 ut
477 1261 660 1337 appareret,
686 1262 782 1339 quam
805 1242 878 1316 acre
897 1247 966 1316 eius
979 1240 1190 1314 οίῖειὲιιάῑ-

124 1346 229 1432 tuum·
252 1360 285 1417 et
300 1346 456 1437 diuturno
469 1350 634 1424 literarum
652 1340 715 1435 vsu
726 1340 903 1418 subacmm.
927 1390 931 1397 ·
953 1340 1015 1415 His
1030 1345 1163 1429 aliisque

73 1530 74 1536 η
122 1449 329 1519 sermonibus·
342 1452 425 1520 bene
443 1453 552 1521 multis
570 1452 812 1538 quatuordecim
829 1450 897 1519 fere
913 1448 981 1518 dies
997 1449 1164 1516 consume·
1176 1438 1188 1473 ²

122 1548 253 1619 bantur:
299 1556 406 1637 Atque
421 1566 489 1621 erat
505 1566 591 1627 tanta
606 1552 703 1643 Regis
719 1550 917 1643 benignitas,
930 1563 981 1620 'vt
994 1570 1061 1618 non
1084 1547 1163 1617 ami·
1227 1620 1230 1625 ,

85 1670 106 1702 >
121 1672 179 1717 cus
190 1651 300 1720 ¹solum
315 1672 389 1721 cum
410 1655 515 1723 emico
530 1654 621 1738 loqui
635 1654 821 1731 uideretur,
847 1655 900 1722 sed
916 1664 979 1746 vt,¹
998 1672 1081 1743 quae
1091 1653 1163 1717 vel·

120 1755 183 1830 let,
208 1752 352 1840 quaeque
369 1767 495 1840 optaret
509 1756 734 1831 Carantonus,
762 1776 798 1821 ea
813 1754 916 1822 statim
933 1776 950 1820 a
965 1757 1052 1841 Rege
1068 1748 1163 1818 offer-¹

118 1867 243 1921 rentur.
304 1856 391 1926 Cum
413 1856 500 1926 enim
521 1856 610 1924 forte¹
624 1856 672 1924 illi
691 1854 870 1933 excidisset,
895 1859 979 1923 velle
994 1856 1025 1922 se
1044 1855 1162 1923 Canta·
1181 1852 1183 1857 ’

119 1952 256 2045 brigiam
274 1949 486 2028 et01toniam
502 1955 657 2047 inuisere,
681 1958 800 2048 exiguo
822 1956 978 2044 temporis
992 1952 1092 2040 spatio
1112 1953 1160 2041 in·
1183 2004 1184 2008 ,

118 2057 252 2126 teriecto
272 2058 358 2127 mille
380 2059 480 2147 librae
505 2060 636 2150 gallicae
656 2062 836 2127 soluuntur
890 2061 966 2128 Nee
986 2058 1030 2124 ita
1053 2059 1160 2141 multo

118 2158 190 2246 post
206 2160 287 2228 duae
302 2160 367 2248 ipo
377 2141 578 2231 Praebendae
598 2159 646 2228 ass
638 2173 806 2252 guantur,
833 2164 876 2226 alt
863 2171 931 2226 tera
949 2157 1162 2242 Cantuaeien·
1218 2232 1223 2237 ,

80 2276 83 2283 ·
102 2260 187 2341 lis,
204 2254 543 2353 westmonasterienfis
562 2256 709 2339 altera,
704 2281 785 2347 quae
801 2260 894 2329 facile
912 2262 951 2329 ad
974 2261 1049 2327 duo·
1058 2256 1160 2350 millia

116 2361 273 2432 librarum
289 2384 388 2435 annua
378 2360 523 2434 reditus
544 2363 745 2432 accedebant.
802 2363 936 2465 Quibus
950 2361 1065 2431 deinde
1086 2352 1161 2427 Rern
1232 2398 1240 2410 ·

118 2464 235 2533 adiecit
249 2464 443 2552 stipendium
460 2447 510 2534 bie
531 2465 620 2533 mille
635 2463 802 2532 librarum.
853 2468 899 2533 Vt
922 2463 1020 2553 igitur
1040 2458 1158 2530 verilfi

108 2561 210 2635 'mum
225 2565 294 2645 fit,
307 2568 422 2653 quod
407 2577 445 2636 ιιι·
462 2562 594 2656 epistola
609 2567 648 2636 ad
664 2552 766 2636 filium
781 2557 946 2635 loannem
951 2565 1029 2633 dicit
1043 2564 1159 2633 Caseu-

116 2658 240 2734 bonor·
271 2667 339 2763 Ego
351 2668 434 2759 apud
449 2672 571 2766 Regem
573 2662 667 2763 stem,
685 2670 751 2763 qui
762 2690 831 2745 me,
851 2664 887 2760 fi
899 2666 1116 2759 sardicen,
1120 2666 1159 2729 ln
1191 2654 1195 2664 '

81 2766 232 2835 [deliciis
246 2762 355 2851 leben
385 2772 443 2866 que‘
456 2775 562 2839 omnia
582 2767 708 2858 prolixe
727 2765 913 2858 podicetur5
941 2770 998 2863 que·
1014 2769 1160 2854 primm
1218 2840 1220 2845 .

75 2883 81 2891 '
116 2869 298 2967 aduenienti
312 2866 635 2962 dteplumssipendium
651 2863 764 2936 obtulit
782 2873 865 2946 eius,
890 2869 973 2965 quod
988 2860 1081 2934 tabee
1098 2865 1159 2937 La·
1196 2889 1199 2893 ’

85 3007 89 3014 ·
114 2970 237 3046 retiae,
253 2966 333 3057 cnm
353 2985 440 3038 certa
456 2965 527 3065 spe,
549 2967 646 3061 fere,
677 2967 752 3035 etl
737 2962 863 3035 liberet·
838 2967 960 3035 laterem
982 2971 1048 3035 eius
1059 2958 1219 3060 -seepe

115 3073 272 3156 experiar
321 3071 485 3166 Magnum
507 3090 637 3155 quoque
660 3067 724 3136 fuit
746 3070 851 3159 regiae
871 3066 1075 3157 benignitatis
1099 3066 1189 3143 do-

116 3182 325 3259 cumentum,
349 3173 438 3257 quod
453 3170 683 3242 Casaubonum
699 3170 859 3255 dimittere
864 3173 994 3267 nollet,
1014 3179 1048 3237 et
1061 3165 1187 3256 Regi·

113 3292 190 3340 nam
207 3272 383 3341 Galliarum
403 3278 460 3371 per
486 3272 592 3344 literas
614 3273 722 3361 rogari
746 3248 893 3351 iuberet,
917 3277 955 3339 ut
976 3270 1158 3340 diuturnio-

114 3382 184 3443 rem
206 3373 240 3440 in
256 3375 371 3464 Anglia
385 3392 511 3443 moram
525 3374 580 3462 ipo
596 3374 774 3465 elargiatur.
828 3376 941 3468 Quam
956 3375 1087 3441 fimulae
1100 3368 1157 3438 lbi
1250 3423 1252 3427 a

116 3475 291 3544 concedam
307 3476 456 3568 intelligit
471 3476 701 3565 casaubonus,
724 3474 829 3544 statim
845 3474 966 3545 amieos
980 3472 1058 3543 finos
1069 3471 1170 3538 acin

113 3578 228 3666 primis
244 3578 448 3648 Cardinalem
468 3576 659 3659 Petronium
675 3578 827 3647 certiores
848 3577 941 3645 reddi
960 3584 1069 3655 curat,
1095 3568 1161 3641 esse

74 3713 78 3719 ·
113 3680 170 3809 libi
179 3681 270 3768 apud
285 3683 409 3825 Regem
420 3664 579 3750 Iacobum
595 3699 695 3783 quan
711 3679 845 3770 optime
932 3701 945 3721 -·

211 3885 338 3952 Vemm
359 3860 528 3951 enimuero
546 3904 583 3953 ea
604 3880 648 3950 est
668 3898 779 3981 terum
800 3870 984 3953 mortalium
1004 3864 1218 3946 vicisim·

84 4078 85 4083 Ἰ
114 3986 178 4072 do,
205 3996 243 4053 ut
256 4007 339 4056 raro
360 3983 492 4127 stabili
486 3988 580 4056 loco
556 3982 893 4241 logugascoufistat
946 3978 1043 4105 ‘Mox
1056 3996 1153 4166 {331
1249 4054 1256 4063 ,
