2520 4576
246 219 248 225 '
343 219 990 299 vrreesnrcrcssnvaonr
1038 240 1193 321 423

145 400 302 500 stanlege
316 420 485 498 regnant,-
482 401 634 502 leguleii
648 404 870 509 reniface'unt.
919 350 1187 500 Vnmseemeca-

86 500 300 603 fitubonue
313 501 665 601 labetsoneneemfietis
671 504 855 628 fauentem,
871 505 948 604 fied,
971 525 1010 579 vt
1024 503 1086 602 ipse
1101 503 1185 575 indi·

147 623 219 687 cat,
245 611 349 677 minus
360 624 496 685 certam.
542 610 589 677 Ne
601 611 670 695 laic
681 611 842 706 quidem
828 633 864 677 ιιι
876 608 991 706 Angiie
1006 608 1089 683 letus
1100 603 1185 702 suist

138 703 201 802 set,
222 723 265 798 ιιι
272 707 434 789 literatore‘
446 710 577 786 induere
593 688 776 806 sirulugum
789 704 944 779 debuerit,
992 711 1085 779 Nihil
1099 730 1183 781 vero
1201 754 1204 759 ·

96 854 102 859 -
145 810 276 900 grauius
294 810 324 878 ei
340 823 427 890 erat,
451 833 548 898 ιιιιιιιι
561 827 668 882 catere
687 813 796 892 libris,
824 834 939 899 quose
960 811 1072 881 Gallie.
1086 812 1182 880 disce·

139 911 225 980 dens
246 932 359 981 omncs
378 914 568 999 reliquerat,
599 914 718 1001 quique
740 916 779 983 ad
800 907 998 1007 conficienda
1018 935 1073 991 ea,
1099 922 1182 998 quae
1194 958 1209 969 .—

84 1026 86 1031 ’
143 1034 205 1081 rex
225 1002 361 1083 Iacobus
382 1015 444 1102 ipll
456 1015 665 1115 imponebat,
696 1012 900 1104 summopere
923 1013 1180 1100 requirebantur.

141 1110 254 1198 Itaque
284 1135 342 1223 per
368 1102 487 1187 literis.
497 1129 592 1197 orat,
631 1119 751 1235 linguat
762 1160 777 1201 ,
816 1117 959 1185 obsecrat
981 1112 1181 1193 Tbuanum,

140 1217 231 1303 apud
243 1216 339 1301 quem
352 1217 477 1287 libros-⁶
465 1238 503 1287 ιιι
514 1218 771 1288 doliaconiectoe
785 1220 983 1305 deposuerat,
1001 1217 1081 1287 velit
1094 1215 1193 1303 apud·

140 1317 285 1407 reginam
310 1319 485 1395 Galliarum
506 1319 730 1398 intercedere,
761 1332 799 1388 vt
822 1317 1068 1389 bibliothecae
1057 1338 1090 1387 ιιι
1113 1320 1203 1416 Aug
1249 1368 1253 1377 .

113 1476 116 1485 .
140 1419 239 1532 gliam
259 1419 467 1509 abducendae
489 1420 675 1490 facultatem
695 1420 759 1491 ubl
774 1421 938 1489 concedat.
996 1421 1073 1486 Ειιιι
1095 1437 1178 1488 vero
1200 1468 1204 1479 ·
1246 1504 1249 1509 ι

112 1545 117 1571 2
138 1518 326 1606 impetrauit
340 1542 527 1607 nunquam,
557 1521 612 1589 nili
627 1524 717 1608 quod
730 1522 861 1612 reginam
876 1519 1040 1612 longioris
1055 1532 1180 1604 ternpo-

75 1682 81 1707 .,
138 1621 184 1689 ris
208 1621 378 1691 interuallo
399 1614 560 1729 1111ρῆ11111,
594 1623 806 1709 precibusque
827 1622 955 1689 tandem
978 1633 1179 1711 expugnata,

138 1722 266 1791 tertiam
280 1712 493 1791 bibliothecae
508 1734 652 1813 partem,
684 1744 819 1810 eamque
836 1722 937 1791 libros
952 1721 1059 1790 minus
1076 1723 1180 1789 neces·

135 1823 235 1891 serios
259 1823 504 1904 continentem,
538 1822 612 1911 post
637 1845 760 1909 annum
781 1822 950 1910 amplius
938 1835 1102 1914 integrum
1124 1822 1193 1891 acb-⁴

84 1953 86 1961 ’
135 1923 221 2001 duci
236 1937 439 2021 pateretur.
1088 1940 1096 1962 ²

234 2066 450 2198 Agitabantnr
462 2078 521 2150 snb
536 2082 622 2155 idem
637 2084 706 2155 sere
723 2030 851 2168 tempus
867 2078 1065 2167 quaesu'onec
1078 2072 1192 2148 theo·‘'

132 2180 258 2272 logicae
273 2181 399 2289 variae,
423 2183 463 2251 de
485 2183 602 2269 quibus
618 2186 799 2258 Casaiuboni
814 2176 997 2272 praesertim
1016 2174 1177 2261 iudicium
1246 2202 1249 2211 ’

134 2279 284 2371 exigebat
295 2263 379 2362 Rex,
404 2282 468 2352 hoc
483 2285 582 2354 vnico
595 2287 761 2379 literarum
767 2308 889 2387 genere
904 2278 1038 2355 mireic'e
1052 2286 1174 2385 captus.

133 2384 205 2452 Nec
221 2383 313 2452 sacile
330 2384 521 2473 praeteribat
538 2388 624 2483 dies,
655 2380 721 2475 q'ub
739 2410 805 2458 non
823 2389 862 2455 ed
877 2389 1008 2478 Regem
1017 2364 1186 2489 per'ferre·⁴
1240 2464 1243 2471 ¹

131 2497 188 2554 tur
210 2505 317 2573 nouus
339 2487 442 2568 liber,
462 2488 508 2556 ab
530 2476 668 2576 aliquo,
683 2501 721 2558 vt
742 2489 961 2578 plurimum,
964 2484 1088 2556 Iesuita
1098 2476 1174 2555 scri·

130 2598 222 2705 ptus..
258 2589 382 2657 .Ειι1“
371 2611 407 2658 ιιι
432 2589 472 2658 iis
495 2586 639 2661 Conradi
658 2591 782 2660 Vorstii
806 2592 843 2658 de
857 2592 922 2659 Deo
945 2589 1045 2668 liber,
1077 2581 1174 2656 cuins

131 2687 321 2776 opinionem
347 2693 452 2776 palam
482 2691 703 2762 detestabatur.
765 2697 841 2761 Erat
863 2693 959 2760 etiam
987 2688 1074 2789 Petri
1096 2688 1174 2757 Ber

130 2789 196 2867 tii,
229 2789 276 2856 ad
292 2791 477 2859 Pontificius
499 2794 607 2877 postea
630 2794 838 2883 transfugae,
869 2790 949 2880 Apol
948 2795 1047 2891 ogia
1017 2783 1171 2857 adfra-

129 2904 200 2958 tres
213 2885 344 2984 Belgas,
361 2890 582 2976 improbatae
597 2890 701 2982 Rege:
747 2897 844 2960 Erant
864 2908 897 2960 ct
917 2894 969 2960 alii
988 2874 1070 2962 bene
1086 2892 1170 2959 mul·
1194 2970 1197 2974 .

129 2989 174 3067 ti,
207 3008 302 3073 quos
308 2989 395 3057 haud
417 2989 583 3059 'obscure
573 3014 609 3062 sn
632 2993 803 3078 epistolis
792 2993 907 3060 innuit.
976 2992 1066 3060 Haec
1086 3008 1170 3059 vero

130 3090 358 3171 Casanbonutn
376 3091 552 3203 cogebant,
567 3094 656 3179 sequi
669 3096 812 3184 Regem,
840 3092 917 3161 haec
933 3091 993 3161 alia
1009 3086 1169 3174 meditari,

129 3184 265 3279 ¹putam]
243 3189 351 3270 animo
367 3192 576 3276 conceperat,
602 3196 793 3274 suadebant,
819 3195 899 3263 adeo
914 3204 956 3262 vt
968 3194 1052 3279 apud
1066 3188 1169 3261 Caro'·
1228 3204 1230 3207 ’

97 3350 105 3382 ,1
126 3292 420 3462 lumnllffbbaeum
426 3306 666 3439 conqueratur,
691 3295 801 3387 priora
823 3274 880 3364 sua
899 3294 1001 3404 studia
1019 3291 1168 3388 fundum

128 3392 196 3479 inte
261 3416 278 3461 e
372 3406 377 3415 ’
1172 3428 1173 3433 1

130 3592 135 3607 .
228 3540 407 3623 Destitutus
419 3541 497 3612 hcet
508 3566 650 3617 mamma
661 3544 896 3626 biblothecac,
922 3515 984 3614 de
976 3565 1039 3638 qua
1054 3544 1167 3661 paullo

92 3654 94 3659 ’
125 3654 200 3713 ante
217 3629 380 3723 diximus,
402 3656 511 3729 parte,
536 3649 643 3717 nudus
658 3648 755 3719 ctiam
771 3650 811 3723 ab
824 3646 1039 3738 Aduersariis,
1060 3666 1103 3715 ex
1116 3644 1166 3714 in·

124 3745 219 3814 sinito
234 3745 394 3817 librorum
409 3767 548 3821 numero
562 3749 705 3819 collectis
718 3752 803 3820 etad
817 3771 916 3819 omne
931 3749 1098 3818 literarum
1111 3767 1166 3837 ge-

123 3867 186 3919 nus
202 3847 478 3915 accommodatis·
470 3896 494 3945 ·.
519 3851 690 3937 componit
714 3853 875 3934 setamen
895 3851 935 3918 ad
958 3847 1166 3937 elaborandas

122 3942 379 4025 Exercitationes
404 3959 519 4025 ronna
539 3943 744 4034 Beronium,
765 3972 860 4041 ,quac
875 3944 1168 4047 mtealiquotau·
1193 3955 1199 4027 ζ

637 4055 706 4125 Del
727 4074 755 4141 —4
831 4094 834 4101 -
1072 4070 1176 4128 nos,
