2520 4576
20 246 27 255 “
152 247 237 334 206
453 268 621 329 resecr
648 272 927 361 ensnveour

89 428 94 439 ¹
136 468 200 534 *eto
215 443 355 516 camnine
369 437 495 509 Sauras
506 435 795 530 fiamxpoliuerae.
845 448 998 526 eruditus
1013 450 1187 526 hit‘Gratm

76 622 78 627 ,
156 542 390 632 namucum
402 542 529 621 sciebat,
542 544 725 613 Varronem
740 547 774 614 in
790 549 899 618 Satiris
920 554 1094 624 scribendis
1120 637 1123 642 ¹
1156 582 1187 626 e·
1216 586 1241 597 ·’

155 643 293 738 nippum
306 646 367 716 cille
381 645 562 724 imitatum,
583 644 731 732 perfudit
750 648 823 730 nbi,
852 663 885 719 et
909 655 1108 743 Menippum
1127 660 1187 749 lgi-

30 797 32 801 .
80 758 102 815 Γ
155 764 211 819 tur
228 751 342 821 Satires
354 745 516 834 scriptiise3
538 767 653 832 easque
675 750 745 834 pari
759 751 917 821 varietate
936 758 1086 845 carminis
1109 781 1186 827 con·

89 908 91 913 .
154 841 255 932 diill'e,
280 864 376 937 atque
397 844 570 919 Varecmm
582 864 677 917 norat
688 849 804 920 feeiffe.
854 854 917 922 Sed
930 859 1049 927 errauit
1062 853 1185 929 Probae

153 953 279 1024 mirum
288 951 328 1020 in
342 953 488 1019 modum.
538 949 625 1018 Nam
645 951 798 1040 Menippi
820 954 923 1024 libros
945 959 1017 1043 quis
1038 980 1185 1045 unquam

152 1057 278 1125 Satires
288 1050 445 1122 uocauit?
474 1052 605 1120 Etrstant
625 1055 712 1141 apud
734 1072 1015 1127 nnnnunevm
1039 1073 1071 1129 et
1091 1084 1184 1130 nro·
1214 1072 1217 1079 ’

151 1178 176 1225 n
188 1176 244 1227 ru
254 1176 314 1224 ens
329 1152 424 1252 multi
437 1152 622 1232 libellorum
640 1155 896 1244 Menippeorum
910 1159 1017 1240 tituli,
1040 1162 1074 1229 in
1091 1165 1184 1249 queis

47 1322 51 1341 .
152 1260 241 1329 bulla
252 1258 402 1347 proiecto
418 1257 519 1325 Satira
533 1255 727 1325 nominetur.
776 1259 933 1343 Equidem
952 1260 1184 1347 fecileconce

148 1363 247 1449 dam,
259 1412 262 1417 .
272 1360 343 1448 pari
355 1357 484 1427 lieentia
499 1359 685 1445 Menippum
701 1359 875 1455 Satirarum
890 1357 1078 1449 scriptorem
1093 1363 1182 1452 poss‘e

59 1463 70 1489 ’·
150 1464 236 1542 dici,
258 1477 353 1551 atque
366 1458 557 1546 Xenophani
570 1461 688 1528 Satirae
701 1459 888 1551 tribuuntur
901 1463 944 1556 ab
957 1466 1116 1551 Apuleio,
1140 1469 1182 1536 de

92 1632 95 1647 ,
150 1587 220 1652 quo
235 1568 327 1655 plura
342 1561 444 1649 capite
458 1563 623 1646 sequente:
647 1562 700 1629 sed
719 1562 848 1650 penitus
868 1564 1023 1655 ignoraffe
1041 1561 1181 1643 Probum

149 1688 252 1759 genus
267 1663 442 1742 scribendi,
477 1683 543 1749 quo
570 1665 644 1732 usus
662 1663 768 1731 fuerat
789 1664 978 1753 Menippus,
1014 1668 1111 1737 etiam
1136 1672 1180 1739 se.

29 1832 32 1837 ,
148 1768 279 1858 quentia
292 1767 441 1855 probant.
489 1767 568 1833 Non
583 1763 670 1833 enim
676 1764 859 1854 §ompositi
874 1788 892 1835 a
906 1769 937 1837 se
952 1770 1093 1838 carmina
1106 1773 1181 1840 scri-

146 1870 213 1958 ptis
227 1869 291 1939 suis
314 1869 484 1955 Menippus
507 1857 706 1945 intexuerat3
739 1869 829 1952 quod
852 1871 980 1967 putauit
1000 1871 1056 1939 iste
1081 1873 1202 1942 eriri«.

146 1992 222 2040 eus:
250 1970 316 2039 sed
337 1968 439 2038 aliena
462 1991 481 2036 e
506 1968 671 2064 notilirmis
690 1969 813 2061 poetis,
849 1970 1046 2057 potislnum
1069 1985 1179 2066 autem
1253 2029 1254 2036 ,

144 2075 298 2143 Homero
310 2084 405 2157 atque
420 2069 590 2158 Euripide3
624 2085 656 2138 et
678 2073 790 2139 ceteris
810 2072 947 2163 tragicis.
1005 2075 1100 2143 Plane
1123 2097 1179 2144 ex·

144 2175 251 2264 preffit
265 2175 410 2261 Menippi
430 2171 643 2240 characterem
665 2192 907 2254 nvc1nuvs,
938 2173 1033 2244 initio
1057 2178 1178 2269 dialogi

142 2276 231 2347 illius
242 2275 327 2343 inter
342 2273 537 2352 Mortuales,
562 2273 618 2358 qui
636 2264 1075 2367 Neauopoeueloe'in'seribitur.
1121 2280 1175 2348 Est

37 2400 40 2405 ·
109 2410 118 2419 ψ
144 2389 278 2455 autem,
309 2385 472 2463 utputo,
508 2375 548 2442 ad
574 2374 788 2444 imitationem
816 2376 920 2446 faetus
948 2377 1016 2447 eius
1030 2368 1175 2472 dialogi,

88 2505 95 2513 ·
121 2510 125 2522 ·
142 2501 243 2565 quem
259 2476 438 2563 Menippus
450 2471 516 2563 ipse
533 2470 693 2557 uriom,
718 2473 868 2569 Diogene
882 2478 980 2559 teste,
1014 2482 1175 2570 inscripse-

68 2628 71 2635 ·
140 2593 200 2648 rat.
249 2578 300 2646 Ibi
316 2577 495 2664 Menippus
509 2576 674 2646 inducitur
691 2577 988 2669 ab'ingeniofiffimo
1006 2584 1174 2670 scriptore,

139 2678 242 2750 animi
254 2680 338 2747 sensa
351 2699 419 2756 non
435 2679 525 2746 aliter
540 2698 637 2765 quam
650 2679 792 2747 veribus
807 2681 1023 2772 tragicorum,
1049 2699 1105 2753 aut
1126 2684 1175 2753 in·

139 2782 268 2852 tendum
277 2779 428 2860 Homeri,
437 2779 629 2868 exprimens.
680 2782 759 2851 Non
772 2782 968 2852 dubitabunt
979 2798 1087 2854 autem
1101 2779 1175 2856 acu-

137 2869 336 2962 allectores,
357 2882 392 2951 id
406 2893 577 2970 propterea
591 2882 714 2950 factum
732 2907 750 2950 a
765 2903 987 2966 uvc1nu05
1005 2901 1049 2954 vt'
1064 2888 1172 2960 stilum

104 2986 108 2997 '
137 2978 291 3074 Menippi
305 2979 499 3073 exprimeret
512 2982 616 3065 finni,
637 3007 673 3052 ae
688 2986 879 3055 traduceret.
928 2984 980 3055 Est
992 2988 1079 3057 enim
1093 2990 1172 3060 baec

136 3088 318 3157 alienorum
333 3089 486 3157 versuum
499 3086 683 3173 usurpati03
710 3108 787 3154 cum
802 3101 889 3157 earet
903 3091 1022 3168 modo,
1046 3104 1080 3159 et
1102 3115 1170 3162 non
1210 3088 1220 3099 ’

135 3189 415 3278 adprobationem
430 3186 479 3255 rei
499 3188 632 3256 alicuius
653 3185 848 3268 afferuntur,
880 3190 935 3257 sed
954 3184 1000 3259 'ad
1026 3208 1170 3267 mentem

127 3288 236 3361 ¹animi
260 3283 542 3377 exprimendam.
563 3310 631 3357 non
653 3303 720 3357 tam
742 3288 869 3369 locola,
899 3306 996 3376 quam
1024 3294 1169 3365 ridicula
1237 3348 1243 3363 s

133 3392 250 3480 Turpe
265 3393 351 3459 enim
365 3391 410 3460 est
425 3391 616 3476 centonibus
629 3390 740 3475 loqui,
765 3412 825 3459 nec
840 3391 903 3461 ime
919 3393 1066 3473 curione,v
1085 3417 1168 3480 quae
1206 3437 1212 3467 ι.

132 3495 226 3571 velis,
241 3492 327 3580 polle
339 3492 454 3560 dicere.
505 3485 656 3577 Denique
673 3504 711 3559 vt
726 3486 761 3559 in
776 3488 931 3581 operibus
948 3490 1167 3583 sapientissima

131 3595 274 3676 Natura,
299 3594 409 3661 omnia
423 3576 589 3663 οίὶλὸκοτοὶ
603 3606 636 3660 et
658 3586 760 3661 mixta
778 3616 820 3662 ex
843 3586 972 3664 diuerfis
993 3599 1168 3687 generibus

53 3700 56 3707 '
132 3700 403 3781 auersaturatque
423 3694 648 3773 abominatur!
677 3695 717 3763 fic
738 3690 772 3763 et
791 3690 809 3762 ὅ
830 3683 929 3766 aerei
948 3687 1038 3786 φύσιν
1061 3690 1166 3791 λέγω

130 3768 263 3885 implere
280 3789 372 3885 estet
386 3779 564 3890 perseidis:
588 3818 607 3895 a
621 3795 684 3880 qua
698 3808 830 3874 naturae
845 3801 915 3890 lege
931 3798 965 3865 in
985 3813 1094 3869 totum
1114 3824 1165 3871 re·

130 3902 255 3990 cedpre
273 3919 440 3989 nunquam
454 3897 692 3983 libi-permittet
706 3898 835 3997 sepiens.
893 3893 1098 3980 Ridentibus,
1109 3916 1165 3973 aut

126 3999 335 4096 &ridentibus
347 3998 626 4089 potiueconneuit
639 3984 718 4093 luce
737 4000 875 4080 lasciuia.
928 3997 1040 4098 Quare
1064 4005 1163 4075 etiam

395 4125 398 4130 '
529 4119 532 4126 '
627 4125 634 4137 ·
1004 4124 1007 4129 ’
1046 4102 1164 4179 Graeci
