2520 4576
932 102 937 109 ι
1033 96 1036 103 ¹
1084 116 1091 127 ⁴

889 143 903 179 Ν
999 170 1014 188 κ

165 233 229 327 NE
258 269 501 327 SATYRICA
523 257 666 353 rosel
692 268 777 335 ΗΒ
799 239 851 327 li
882 270 985 329 CAP
992 273 1049 351 ῌ
1077 273 1188 351 199

88 429 158 510 'sed
174 439 272 517 etiam
285 450 324 504 rt
314 432 457 554 ibridrs
472 439 601 524 prorsus
617 389 804 526 scriptiones
822 440 1018 519 ederent,c
1040 443 1145 511 soluta
1241 430 1243 433 ’

102 538 253 610 oratione
270 551 302 606 et
316 538 459 607 numeris
479 537 624 608 adstricta
647 544 807 611 conflatas
865 541 1033 640 Eiusmodi
1049 542 1141 611 lasci

78 643 180 712 *uiae
194 641 306 716 Satira
317 640 399 717 fuir,
427 661 525 725 quam
551 662 612 708 nos
647 636 876 709 Varronianam
897 632 1184 729 nuncupamus:

103 744 179 828 quia
195 741 409 826 antiquiorem
427 755 592 810 auctorem
607 741 721 810 smilis
727 742 958 830 scriptionis
929 767 1013 813 caere
1037 745 1138 813 aium
1201 736 1218 765 ³
1249 782 1255 797 ι

100 842 366 931 nonposi'umus.
437 843 1137 929 prrsrrrrauvslib.X.c.1.Alte·
1204 918 1205 925 ,

101 968 176 1014 rum
191 941 269 1012 illud
282 940 339 1035 ess,
369 959 401 1010 er
412 949 504 1031 prim
514 938 637 1037 fiarirac
653 965 773 1039 genus,
798 946 882 1039 quod
901 967 964 1013 non
978 941 1049 1040 sala
1066 968 1136 1013 car·

100 1044 224 1116 minum
253 1049 411 1113 1111111111
432 1041 553 1147 missum
577 1046 714 1123 condidit
744 1047 907 1117 Terentius
936 1049 1055 1125 Varro,
1080 1051 1183 1119 vir

100 1146 318 1218 Romanorum
333 1140 558 1242 eruditrfflmur.
609 1149 715 1225 Palam
731 1147 774 1216 est
798 1168 839 1217 ex
858 1145 907 1215 his
933 1149 1011 1217 tanti
1035 1151 1134 1238 magi·
1216 1174 1232 1245 '3

40 1280 43 1285 <
99 1249 155 1318 stri
169 1247 313 1343 verbis,
321 1247 520 1316 Lucilianam
541 1246 698 1327 Satiram,
723 1249 763 1316 de
780 1269 843 1333 qua
862 1232 971 1353 pauiio
994 1262 1065 1316 ante
1087 1250 1134 1316 di·

49 1353 65 1365 ”
99 1361 210 1428 xerat,
235 1326 445 1436 posteriorem
466 1347 527 1416 effe
550 1348 651 1416 Satira
680 1351 898 1417 Wrrroniaea.
921 1371 1001 1418 eum
1021 1364 1133 1421 tamen

100 1452 190 1547 annis
205 1451 378 1519 minimum
389 1471 458 1516 vno
482 1462 514 1516 et
535 1449 664 1540 triginta
690 1449 760 1538 post
781 1472 935 1542 magnum
960 1456 1132 1521 Auruncae
1225 1456 1255 1529 Κ,

100 1536 296 1636 alumnum'
286 1573 320 1618 11
334 1555 441 1618 iucem
459 1552 524 1619 edit
511 1563 600 1629 tum,
624 1565 717 1620 natus
740 1551 776 1621 sat
798 1555 915 1622 tarro
958 1551 1134 1623 Nimirum
1251 1561 1255 1579 ¹

61 1685 63 1691 ·
99 1642 1139 1739 1111111111111111.81111111,1111111111111111,1111
1242 1725 1249 1743 Ι,

99 1757 203 1844 ipsam
214 1753 291 1832 ess'e,
316 1775 411 1839 quam
426 1753 543 1830 vetusti
558 1754 754 1840 Scriptores,
779 1776 920 1840 quorum
933 1755 1032 1823 facile
1046 1755 1134 1842 prin·
1226 1832 1229 1843 =

99 1879 179 1945 ceps
190 1857 335 1933 1111111,
351 1842 602 1943 illustrauerant:
627 1853 690 1922 hoc
705 1855 849 1924 interesse
872 1867 1017 1934 tantum,
1043 1855 1133 1940 quod

98 1957 146 2045 ini
159 1960 224 2024 tota
240 1968 418 2043 metrorum
433 1954 535 2023 variet
523 1968 585 2022 tate
599 1962 748 2041 poemata
768 1959 823 2024 sua
844 1957 984 2046 Satyrica
1004 1956 1133 2024 condie—
1207 2019 1215 2037 ,

50 2137 53 2140 ,
98 2071 188 2127 rant:
220 2057 394 2125 Terentius
417 2068 497 2125 vero
521 2057 617 2127 etiam
640 2059 766 2144 prosam
789 2062 826 2143 1)
845 2058 955 2127 satirae
978 2061 1050 2126 suae
1073 2057 1133 2125 mi·
1214 2046 1224 2116 ζ

99 2165 229 2230 scuerat.
280 2158 455 2226 Enimuero
471 2148 644 2225 mirificum
659 2161 788 2245 prorsus
803 2173 836 2253 et
848 2159 1019 2242 multiplici
1030 2158 1133 2230 varie·
1213 2155 1222 2193 ·’

54 2255 56 2263 '
97 2269 168 2331 tate
179 2259 341 2337 notabile,⁴
368 2281 409 2325 ne
424 2259 528 2326 dicam
548 2258 805 2340 monstruosum,
838 2281 920 2347 opus
938 2259 1037 2327 edidit
1052 2261 1133 2328 Var·
1245 2274 1248 2288 ·

97 2385 157 2447 ro,
182 2383 257 2430 cum
271 2361 308 2428 in¹
322 2361 379 2428 illo
400 2381 497 2447 opere
513 2352 638 2447 prosam
654 2362 786 2430 miscens
809 2382 884 2431 cum
906 2361 1066 2447 carpine,
1088 2362 1135 2427 se,-

37 2465 41 2472 '
98 2465 146 2574 ria
160 2485 236 2536 cum
250 2462 354 2558 iocis,
387 2465 508 2531 Graeca
531 2482 607 2544 cum
629 2461 770 2550 Latinis,
807 2463 860 2548 (id
883 2462 971 2532 enim
996 2475 1027 2558 et
1050 2463 1134 2552 srags
1150 2480 1151 2483 ’
1191 2507 1193 2512 -

573 2562 700 2650 Ν4
1023 2575 1134 2634 menta

135 2769 175 2852 p)
195 2747 371 2829 Varronem
386 2769 585 2827 contentum
607 2762 695 2827 vario
715 2769 749 2826 et
769 2724 871 2828 metro
893 2768 938 2825 et
948 2766 1146 2846 argumente

196 2847 329 2912 Satiram
340 2844 524 2922 condidisse,
543 2847 593 2926 sed
606 2848 702 2910 etiam
715 2847 834 2946 prosam
841 2842 1135 2932 carminimiscuisie,
1156 2915 1159 2920 ¹

193 2931 279 2995 clare
287 2929 494 3023 0111111111ῃί
512 2930 788 2996 verbaCasaubono
803 2932 897 2993 citata
910 2919 1030 2993 docent.
1052 2927 1136 2992 Nam

129 3033 162 3056 ·’
195 3013 296 3078 finon
310 3015 408 3076 solum
423 3011 560 3077 carmine
577 3013 763 3089 constiterit,
782 3014 870 3112 prosa
884 3016 977 3078 etiarn
993 3014 1136 3095 scriptam

93 3117 133 3161 .·
195 3096 303 3176 fuisse,
340 3098 572 3182 consequitur·
593 3101 635 3162 Et
656 3098 724 3161 sane
749 3063 834 3162 i’det
801 3099 896 3177 etiam
921 3081 1136 3180 cognoscimus

159 3216 161 3223 ·
197 3203 218 3245 e
232 3183 450 3280 Fragmentisp
461 3201 541 3265 quae
552 3180 717 3263 supersunt
760 3182 810 3245 De
826 3181 913 3280 prosa
924 3195 1029 3244 tamen
1043 3187 1136 3254 tacet,

197 3286 235 3330 ac
251 3266 349 3329 solum
367 3267 528 3363 omnigeni
548 3266 693 3328 carminis
716 3265 859 3329 meminit
880 3266 1007 3328 Valerius
1028 3265 1158 3327 Probus*

196 3352 244 3414 in
254 3350 321 3414 Ecs.
346 3349 401 3414 VI.
427 3352 461 3412 in
487 3350 589 3412 verbis
609 3370 682 3412 mon
702 3372 721 3413 a
742 3349 921 3414 casaubono
941 3347 1138 3413 adducendis.

147 3462 152 3472 ¹
199 3435 395 3515 Quamquam
403 3454 487 3497 emm
502 3433 569 3496 falli
578 3435 714 3510 videtur
737 3455 808 3498 cum
825 3436 868 3497 ait
869 3434 1032 3516 ,Menippi
1046 3432 1138 3516 Saty-
1166 3447 1174 3451 “

196 3538 252 3582 ras
274 3520 441 3602 omnigeno
462 3519 598 3580 carmine
623 3507 776 3618 competit
777 3536 811 3582 as
763 3515 936 3593 tsuisse.
972 3528 1078 3582 tamen
1098 3516 1139 3581 de

195 3600 351 3686 Varronis
364 3601 503 3681 Saturis,
523 3619 600 3685 quas
616 3605 734 3684 optime
754 3612 870 3684 norat,
884 3601 948 3666 sane
968 3603 1063 3669 dubio
1087 3621 1139 3663 ve
1177 3634 1179 3643 ·

173 3718 175 3723 ·
196 3704 270 3748 rum
282 3680 369 3749 dixit
410 3686 521 3761 Quare
530 3686 591 3749 hoe
604 3698 690 3749 extra
711 3687 952 3759 controuersiam
975 3686 1057 3766 esto,
1085 3683 1138 3746 Sa·
1142 3748 1145 3757 ,
1161 3744 1198 3760 ,

77 3822 81 3827 ,
197 3771 276 3834 tiras
290 3769 367 3833 oiim
381 3782 637 3869 proargurnento
653 3771 789 3846 11111111,
811 3771 961 3855 etprosa,
982 3781 1016 3833 11
1030 3769 1139 3833 carmi·
1216 3834 1218 3839 ,

199 3873 252 3933 ne,
261 3873 363 3936 eoque
376 3855 453 3918 varii
468 3856 593 3938 generis
606 3847 694 3919 fuisse
707 3856 901 3941 conscriptas
923 3875 1003 3919 1111
1011 3874 1043 3916 a
1065 3851 1140 3915 Non

89 3977 99 4010 ,-
200 3936 307 4002 Crenii
322 3941 398 4003 haec
414 3939 490 4014 sunt,
502 3937 554 4002 sed
571 3939 684 4022 Voffli,
674 3961 707 4005 11
720 3943 809 4005 cuius
823 3942 948 4023 institut
955 3938 1042 4003 Poet.
1049 3936 1071 4000 1.
1078 3934 1139 4001 111.

200 4021 663 4140 1)·481111111111111311111
704 4026 786 4094 lum
988 4071 991 4078 ,
