2520 4576
250 38 254 47 '
296 35 307 79 l

138 222 199 278 on
228 188 477 277 sarrana
512 223 655 279 roasr
686 224 777 301 rra,
800 227 830 281 1.
859 227 957 283 car.
978 196 1031 282 rr.
1069 229 1120 305 ³9

70 382 339 483 profectoetiam
356 391 489 459 illorum
512 391 713 461 narrationes
727 394 907 463 eommoda
926 392 1118 480 interpretur

69 496 184 572 tione,
201 492 287 561 'ficut
309 492 522 572 ostendimus,
547 498 622 562 lunt
644 494 853 565 adiuuandae.
903 497 1115 589 Quamquam

31 658 34 663 .
66 616 112 669 ne
127 594 319 681 lic.qnidem
335 595 444 684 negari
463 596 584 682 potest,
616 595 702 663 veris
726 597 802 664 falsa
830 596 892 666 elle
914 595 1056 665 admixta
1079 608 1113 669 et

64 678 263 796 aeqwrddn,
289 717 369 782 quae
384 702 506 765 nullam
519 699 615 766 fidem
631 712 825 767 mereantur.
864 700 933 791 'Illa
955 719 1035 766 vero
1058 719 1135 784 pas-

65 802 135 871 lam
152 798 229 867 falsa
243 809 277 879 ‚et
289 798 495 884 impudenter
510 800 601 879 ficta,
622 821 704 885 quae
718 822 782 886 pro
805 800 890 869 veris
915 798 1018 867 all'erit
1040 799 1115 873 serie

65 912 159 988 ptor,
179 899 297 985 quouis
311 908 409 987 po'e'ta
421 901 608 980 fabulosior,
622 898 838 980 Philostratus,
858 901 893 969 in
905 903 1050 970 sextoDc
1064 902 1113 967 vi·

63 1016 102 1071 ta
115 996 284 1091 Apollonii.
334 1004 465 1071 Verum¹
475 1005 516 1073 de
529 1002 580 1072 his
595 1003 685 1071 satis:
698 1024 786 1073 nunc
800 1024 842 1073 eo
857 1002 1113 1071 referamur-ora·

259 1130 263 1135 ·
594 1105 625 1175 C
651 1124 674 1190 4
972 1103 1110 1182 tionem,

99 1330 102 1335 ,
164 1264 223 1331 lore
237 1262 345 1349 aestatis
359 1264 531 1351 dffparetur
552 1266 614 1349 sale
627 1268 731 1351 afiasu,
755 1258 941 1343 Antiochiam,
959 1266 1039 1327 arab
1057 1230 1113 1347 lai·5
1213 1326 1218 1335 ,

158 1368 291 1435 pauore
312 1354 466 1428 videretur,
496 1314 616 1415 aalma
638 1379 653 1413 e
677 1370 700 1415 .·
735 1351 821 1416 Haec
841 1350 895 1415 ille
941 1349 1004 1415 Sed
1023 1348 1111 1415 rette'

163 1430 360 1499 casaubonus
375 1436 426 1499 hic
441 1436 561 1513 statuit,
589 1436 738 1523 quidquid
757 1438 798 1499 de
817 1433 939 1523 Satyris
959 1436 1112 1519 legimur,

95 1532 99 1539 '
162 1512 202 1581 ἐκ
216 1530 381 1601 portarurn
403 1514 622 1605 pistorunique
645 1521 786 1605 fingendi
804 1521 932 1584 lieentia
953 1521 1111 1603 originem

30 1654 33 1659 .
67 1654 70 1659 .
162 1604 296 1677 ducere3
318 1605 396 1669 nihil
410 1607 502 1669 huius
517 1626 629 1671 reuera
650 1607 813 1675 in.·.rerum
831 1616 942 1669 neutra
962 1603 1110 1668 existeret

132 1708 135 1713 ·
163 1696 198 1777 at
209 1684 240 1763 fi,
271 1689 325 1753 uid
337 1689 433 1753 visum
448 1692 604 1765 eiusmodi
617 1690 798 1765 fiterit‚..vel
814 1690 972 1763 illudentis
986 1690 1110 1775 daemo-

133 1772 247 1855 ,niap
310 1773 413 1855 taline,
431 1775 481 1855 vel
495 1772 624 1849 naturae
637 1774 737 1837 lusum
755 1770 853 1837 inille,
898 1770 998 1852 Nam,
1019 1770 1110 1835 vtest
1222 1810 1227 1817 ·

160 1872 279 1935 procax
293 1867 421 1933 nutura}
434 1842 546 1939 ‘potest
558 1859 747 1945 quandoque.
755 1854 915 1921 hominem
931 1868 1109 1935 cornutum3

64 1964 69 1977 ·
92 1940 104 1979 ·'
162 1938 246 2003 forte
259 1948 293 2002 et
308 1943 505 2023 capripedem
518 1944 720 2024 producere}
738 1942 790 2006 sed
809 1944 895 2004 to'tos
919 1960 1053 2024 greges,
1075 1950 1110 2003 et

66 2038 93 2063 ·-
153 2038 264 2107 genus
283 2024 461 2088 huiusmodi
477 2026 488 2088 l
532 2028 653 2090 '‘murn
673 2042 799 2106 creare,
820 2028 859 2088 de
874 2045 939 2108 quo
964 2027 1019 2086 ille
1042 2025 1110 2087 An.

121 2152 124 2157 -
164 2108 312 2180 tonianus
325 2108 459 2193 Satyrus
473 2046 646 2193 refluebat,
666 2110 839 2175 verosimile
860 2128 924 2171 non
945 2108 997 2170 est.
1051 2107 1109 2171 At·

160 2208 224 2274 que
238 2190 261 2269 fi
275 2193 387 2259 dentur
404 2194 639 2272 maxime,·non
654 2214 732 2257 voce
749 2194 883 2257 humana
907 2204 1028 2271 tamen,
1057 2190 1109 2257 sed

89 2324 94 2355 2
119 2274 123 2281 '
160 2274 316 2356 belluina,
336 2288 371 2339 vt
385 2278 439 2340 ille
455 2298 474 2341 a
488 2274 577 2363 Sylla
590 2278 701 2360 captus'
717 2274 868 2362 Satyrus,
894 2279 1107 2360 loquerentur,

62 2358 67 2367 '
127 2370 136 2393 ‘
162 2376 221 2424 nec
236 2359 373 2425 nostrum
388 2361 561 2425 sermonetn'
574 2362 803 2445 intelligerent,
825 2363 978 2443 degentes
998 2378 1110 2443 perpe·

64 2444 67 2453 '
124 2448 130 2457 “
162 2444 313 2507 tuoiuter
328 2445 421 2507 feras.
435 2493 447 2507 .,
463 2445 532 2509 lam
547 2448 661 2510 remoti
677 2448 714 2510 ab
737 2445 825 2509 omni
847 2442 1000 2508 consortio
1023 2444 1109 2528 penu

62 2564 74 2573 ··
144 2538 215 2593 ’ωε
233 2540 266 2591 et
277 2530 440 2593 literarum
453 2552 489 2594 ac
512 2531 704 2613 disciplinae,
723 2548 817 2614 quarn
841 2530 909 2609 dei,
936 2549 1028 2613 quarn
1048 2528 1110 2593 hur

64 2664 69 2671 .
118 2646 139 2659 --
162 2616 325 2677 manarum
349 2633 453 2677 rerum
473 2615 587 2681 habere
609 2614 719 2693 polluit
739 2615 900 2689 notitiam,
947 2626 980 2675 vt
1002 2613 1108 2695 sciant,

162 2700 237 2781 quid
252 2696 416 2762 Christiini
429 2700 555 2763 credant
568 2702 603 2763 ac'
617 2698 753 2781 sperent,
776 2699 850 2782 quid
864 2706 949 2783 erret
961 2698 1107 2782 colatque

39 2852 42 2857 ,
65 2778 70 2787 ’
162 2770 340 2865 gentilitas,
363 2803 478 2867 eaque,
500 2803 579 2868 quos
601 2781 733 2867 Satyros
757 2780 943 2866 Faunosque
961 2802 996 2845 ac
1020 2784 1109 2845 incu-

165 2866 370 2949 bosaoeetu·
382 2866 525 2930 Prolet’to
539 2877 592 2930 aut
606 2866 758 2949 figmento
772 2860 855 2949 inani
871 2867 1019 2947 deeeptus
1033 2866 1108 2939 Hiess

63 2962 110 3011 ··
161 2947 1114 3117 utentum

67 3150 81 3187 .·
101 3151 104 3157 ·
163 3119 216 3185 cul
230 3119 316 3183 omui
328 3120 424 3183 dubio
439 3119 608 3193 martirum
622 3120 699 3199 suit,
719 3120 830 3203 inquo
850 3115 921 3183 lulit
941 3130 1051 3179 natura
1069 3137 1106 3180 ae

69 3254 72 3259 .
163 3202 269 3287 legero
284 3202 367 3267 suern
379 3205 527 3287 migrauit
578 3204 743 3265 Plutarchus
757 3213 863 3273 autem
877 3221 939 3264 non
953 3197 1106 3282 adfirmat,

163 3284 216 3351 sed
225 3286 322 3365 refert
335 3287 459 3367 lamam.
503 3282 576 3349 daal
588 3288 671 3350 enim
685 3286 737 3363 ait,
759 3287 792 3351 id
806 3283 866 3364 est,
885 3287 986 3361 dicunt,
996 3287 1104 3371 ferunt.

38 3434 44 3443 ,
114 3408 118 3415 -
164 3354 329 3447 Quo'fele
349 3374 394 3435 vti
417 3372 515 3449 [olent
534 3371 729 3435 historiarum
748 3368 943 3445 conditores,
973 3388 1045 3433 curn
1067 3369 1106 3433 de

68 3474 71 3481 ’
164 3457 258 3520 rebus
274 3468 441 3539 exponunt,
466 3458 504 3519 de
518 3457 630 3540 quibus
646 3455 700 3538 ipsa
714 3457 856 3519 dubitant
907 3453 998 3518 Adde
1017 3454 1105 3519 liuu-

164 3562 232 3602 num
249 3540 303 3606 lib.
327 3561 403 3621 123,
435 3539 754 3625 elegantissimumque
782 3540 940 3601 Gisberram
968 3542 1107 3621 Cuperam

66 3654 79 3669 ·
135 3623 267 3691 'litt-r.
289 3624 453 3690 obterunt·
471 3645 538 3708 cap.
567 3644 611 3690 ra.
636 3634 713 3688 extr.
741 3641 935 3689 cunutus.
975 3623 1107 3687 Memini

162 3710 264 3779 etiam
275 3710 401 3793 legere,
420 3712 453 3773 in
471 3709 690 3794 Ephemm'dibus
705 3709 863 3775 Acaaaauae
874 3706 1008 3788 *Casuum
1017 3744 1026 3755 ·
1036 3709 1106 3768 Leo·

163 3794 288 3877 peldinaa
312 3798 440 3859 Naturae
463 3794 650 3877 Cariostuuar,
667 3792 807 3858 'Centuu
830 3792 856 3857 1.
879 3800 943 3874 (unv
969 3795 1064 3869 1712)
1087 3814 1107 3855 a

169 3876 299 3939 Schobero
312 3868 447 3963 quodam
462 3880 597 3956 narrari,
616 3878 697 3942 visos
711 3876 770 3940 esse
785 3876 896 3941 nostris
912 3869 1106 3957 temporibus
1243 3954 1249 3967 Ι

158 3961 200 4025 in
212 3960 359 4025 Esthonia
371 3974 404 4025 et
423 3961 726 4048 OlandiaSatyrose
748 3963 838 4028 cuius
858 3960 984 4045 quidem
1004 3959 1051 4024 rei
1071 3958 1107 4024 fi·
1197 4012 1202 4019 .

166 4046 222 4111 der
237 4042 275 4111 fit
287 4065 384 4131 penes
398 4046 567 4121 austoreuu
611 4051 692 4115 uua.
