2520 4576
56 282 66 293 -
152 194 1004 297 uea'aarurcaconstituamur.
1059 216 1098 300 ις
1160 228 1166 245 ·
1233 212 1236 227 ·

7 386 11 391 ⁵
51 410 104 485 Est
118 408 186 479 boa
202 399 450 491 antiquissimum
467 416 597 483 quoque
611 414 712 486 genus
724 393 852 461 infamia
858 391 1004 461 licentiae
1020 413 1092 460 ver·

50 516 147 585 suum
162 506 398 579 iambicornm,
424 519 506 586 quos
525 510 596 565 tum
610 495 813 583 vsurpabant,
838 517 914 563 cum
930 486 1092 585 Phanagol

53 614 118 711 gia,
131 612 252 681 dictam
265 602 381 676 Bacchi
395 598 636 689 impurissimam
649 597 880 676 solennitatem,
898 600 1067 688 agitabant.
1138 618 1155 637 ⁹

7 736 9 741 ·
177 712 225 782 Vt
237 707 317 777 haec
331 702 425 773 audie
448 682 781 815 ernemburgam
802 700 1093 790 progenitaerant,

51 816 135 889 teste
164 807 379 896 Philosopho,
412 790 487 874 niati
509 801 644 891 oneraria
661 823 688 868 ot
707 799 791 889 χῆςι
821 803 861 869 stc
883 823 950 879 aas,
984 814 1093 869 aucto⁴
1184 796 1188 801 ’

53 940 92 992 re
129 916 258 991 eodem,
293 898 358 979 ἀπ’
392 898 506 1005 ἀρχῆς
536 820 846 993 dwoaxeiaoeeaaie.
875 942 878 947 -
923 906 1009 970 Nam
1037 902 1096 986 qui
1142 895 1146 901 ’

54 1018 145 1093 soliti
176 1025 266 1085 crant
293 1011 328 1078 in
356 1009 450 1077 saeris
480 1004 693 1074 conuentibus
716 1018 748 1072 et
776 1004 929 1070 ludorum
959 1005 1095 1071 solenni·

55 1120 180 1193 tatibus
206 1118 284 1183 deos
300 1124 356 1179 aut
375 1108 490 1177 beroea
511 1106 660 1185 laudare,
692 1104 759 1174 leui
780 1107 915 1188 quadam
942 1128 1039 1191 opera
1062 1117 1096 1173 et

58 1242 131 1293 non
147 1218 323 1288 admodum
338 1212 472 1300 operosa
494 1228 608 1275 eorum
631 1206 829 1284 imitatione,
864 1227 944 1291 quae
968 1206 1096 1276 fuerant

58 1323 184 1413 abrilis
197 1318 302 1411 geste,
327 1334 398 1382 rem
414 1312 449 1379 in
462 1308 586 1390 maius,
611 1321 648 1377 vt
663 1306 733 1377 fieri
747 1322 841 1387 amat,
868 1322 1029 1399 augentes,
1051 1309 1097 1377 fa-

94 1438 98 1445 '
149 1430 152 1437 '
645 1430 649 1447 '
1006 1414 1100 1482 bulas

164 1525 613 1597 erhncComoediaenatafit
656 1527 806 1607 Quamuis
817 1548 880 1593 non
888 1547 1010 1615 negem,
1027 1531 1101 1595 adu·

165 1618 283 1683 latione
297 1614 478 1699 graecanica
491 1616 584 1677 etiam
600 1616 632 1677 in
650 1614 812 1680 hominum
831 1617 1022 1699 qaomndam
1044 1615 1101 1677 ho-

31 1746 36 1751 -
144 1722 276 1767 ¹nauem
290 1696 501 1780 compositum
546 1698 646 1774 Quale
660 1700 752 1779 illud,
774 1703 856 1784 quod
876 1722 894 1761 a
912 1701 1009 1762 choro
1031 1719 1101 1762 can·

166 1796 268 1851 tatum
285 1782 437 1861 Adienis,
456 1802 528 1847 cum
544 1784 666 1847 obuiam
686 1786 784 1847 iretur
804 1783 1102 1849 DemetrioPolior-

168 1882 270 1944 cetae,
292 1866 357 1951 post
369 1858 514 1933 sublatam
534 1864 687 1931 Cassandri
707 1870 920 1954 tyrannidem,
957 1878 991 1931 et
1010 1868 1103 1933 liber-

166 1964 266 2019 tatem
281 1953 318 2016 ab
333 1971 372 2014 eo
386 1952 454 2015 vrbi
467 1949 645 2016 restitutam.
690 1951 782 2028 Quod
800 1972 924 2015 carmen
945 1973 962 2014 e
984 1951 1104 2015 Duride

166 2034 272 2105 Samio
293 2036 446 2099 Athenaeus
469 2035 610 2115 Deipnos
636 2030 694 2102 Vl.
715 2035 820 2101 refert.
869 2036 929 2099 Sed
950 2037 1037 2117 priua
1060 2038 1105 2099 ita
1209 2100 1212 2107 ,

166 2124 276 2200 latuit,
306 2134 425 2183 utnon
448 2120 692 2201 cognosceretur.
747 2121 790 2187 Vt
812 2139 894 2183 nunc
914 2120 1105 2202 agnoscatur,

171 2198 320 2270 d'ebemus
349 2202 453 2269 uestro
483 2206 518 2286 Isi
544 2203 694 2351 Crfaaudano
715 2204 748 2265 in
770 2200 1105 2278 Animaduersrouibus⁸

171 2289 227 2358 Est
239 2308 352 2352 nomen
368 2287 511 2352 Phallicis
526 2296 559 2350 et
589 2286 790 2372 thyphallicia
805 2308 844 2349 err
858 2309 912 2368 eo,
933 2290 1013 2371 quia,
1034 2308 1107 2352 cuna

171 2374 370 2440 earmenhoc
385 2386 547 2437 caneretur
561 2373 758 2445 inhonorem
778 2373 904 2453 Bacchi,
933 2373 1032 2448 φαλὲκ
1054 2371 1107 2436 seu

173 2456 322 2537 ἰθύφαλοσ
336 2458 355 2520 l.
369 2477 397 2518 e.
408 2456 495 2538 pebis
508 2454 650 2537 ereum,
671 2458 804 2538 perticae
823 2456 992 2540 gestaretur
1011 2460 1112 2537 impet

174 2542 260 2607 situs.
302 2535 385 2608 Vide
403 2536 506 2605 Celeb.
524 2541 590 2603 Ger.
615 2544 689 2604 Ioum
714 2542 832 2624 Vofflum
853 2544 884 2603 in
907 2542 962 2605 lli.
987 2541 1110 2604 Institu-

174 2628 252 2691 tion.
281 2624 545 2705 Poetiear.c.17.
569 2644 598 2708 p.
614 2648 663 2702 9²·
707 2642 831 2689 enen.
856 2622 956 2711 Origo
967 2626 1111 2706 sacramen

169 2711 349 2861 {aditorum
361 2708 404 2773 est
411 2711 492 2791 apud
499 2710 686 2774 Scholiasten
699 2710 913 2791 Aristophanis
928 2718 1021 2792 Αχαμ
1042 2735 1112 2792 ²42·

149 2824 153 2832 ·
230 2789 300 2876 ipsiu
316 2794 396 2857 hisee
417 2795 507 2858 sacris
528 2794 718 2861 celebrandis
739 2797 939 2879 praecedebat
960 2797 1113 2876 ιανηφὸροε,

176 2877 343 2944 canistrum
351 2881 442 2943 rebus
459 2880 497 2943 ad
509 2878 590 2943 sacra
602 2882 825 2963 pertinentibus
841 2880 965 2961 plenum
979 2895 1114 2961 gerens3

178 2963 361 3049 sequebatur
375 2961 556 3048 φιλοφὸμς,
575 2964 719 3048 oppletur
744 2962 876 3049 fuligine
897 2972 930 3025 et
949 2958 1054 3025 serens
1076 2962 1113 3024 li·

180 3068 280 3133 gnum
300 3048 488 3131 oblongum,
523 3049 611 3112 caius
633 3050 666 3112 in
691 3047 862 3113 summitate
882 3056 949 3109 erat
967 3043 1056 3128 penis
1078 3045 1115 3108 li-
1160 3064 1163 3070 ’

182 3150 284 3216 gneus
300 3132 353 3195 vel
365 3134 542 3206 coriaceuaa
563 3132 644 3196 hunc
658 3135 791 3217 denique
803 3132 997 3215 excipiebant
1001 3139 1115 3205 oame-

181 3218 276 3299 φὸμι,
296 3217 430 3279 carmina
450 3216 579 3297 phallica
597 3218 631 3279 in
651 3217 802 3281 honorem
822 3216 934 3281 Bacchi
958 3212 1114 3292 canentes,

13 3316 18 3331 ¹
92 3340 99 3349 ·
181 3316 317 3448 auorum
329 3300 466 3364 habitum
480 3320 644 3385 moresque
660 3301 801 3366 describit
812 3302 965 3363 Athenaeus
979 3299 1115 3380 Deipno·

196 3382 388 3465 ophistarum
399 3385 443 3449 lib
469 3382 559 3452 XIV.
581 3406 608 3467 p.
625 3393 687 3449 622
717 3386 781 3449 edit
810 3384 933 3449 Casaub.
954 3385 1006 3449 vbi
1022 3383 1117 3446 etiam

185 3468 332 3544 docetur,
351 3469 512 3550 ithyphallos
527 3482 719 3552 nuncupatos
733 3467 820 3534 suifl'e
834 3468 955 3534 adtores
969 3468 1117 3549 scenicos,

184 3552 329 3634 personas
349 3553 505 3616 ebriorum
517 3555 696 3635 induentes,
727 3573 857 3639 coronas
887 3552 1059 3638 gestantes,
1084 3560 1118 3615 et
1183 3592 1187 3599 -

185 3637 316 3701 manicis
329 3638 468 3701 violaceo
480 3638 585 3702 colore
601 3639 823 3705 nnttiammas
837 3640 1024 3722 operientes,
1033 3657 1119 3701 cum·

208 3739 249 3783 ue
261 3721 294 3783 in
307 3723 438 3785 mediam
449 3722 634 3787 orchestram
655 3723 867 3805 processissent,
887 3726 1043 3789 dicentes:
1060 3718 1120 3782 Ab·

80 3810 85 3817 '
174 3734 278 3885 findite
291 3807 323 3867 de
338 3813 391 3881 via,
411 3810 527 3890 aanplram
540 3810 603 3871 Deo
606 3810 727 3892 spatium
738 3811 873 3893 praebere.
916 3810 1029 3869 Eretius
1043 3806 1122 3884 deus,

188 3890 284 3950 melleo
295 3892 400 3970 datius,
415 3910 468 3973 per
477 3888 592 3955 medium
601 3894 737 3957 theatrum
751 3895 810 3955 vult
824 3894 969 3954 ambulare.
1010 3888 1121 3970 Priapo

14 3994 42 4061 'a
187 3975 437 4145 mem}
444 3972 734 4129 {fflffim’
753 3972 863 4046 auster
881 3975 925 4043 est
939 3970 1122 4109 scholiastes
